%Abstract
@book{biggs1986graph,
  title={Graph Theory, 1736-1936},
  author={Biggs, Norman and Lloyd, E Keith and Wilson, Robin J},
  year={1986},
  publisher={Oxford University Press}
}
@article{bright2015too,
  title={Too much Facebook? An exploratory examination of social media fatigue},
  author={Bright, Laura F and Kleiser, Susan Bardi and Grau, Stacy Landreth},
  journal={Computers in Human Behavior},
  volume={44},
  pages={148--155},
  year={2015},
  publisher={Elsevier}
}
%Chapter 2
%Section 2.1
@article{whitman2005sosus,
  title={Sosus: The “secret weapon” of undersea surveillance},
  author={Whitman, Edward C},
  journal={Undersea Warfare},
  volume={7},
  number={2},
  pages={256},
  year={2005}
}
@article{chong2003sensor,
  title={Sensor networks: evolution, opportunities, and challenges},
  author={Chong, Chee-Yee and Kumar, Srikanta P},
  journal={Proceedings of the IEEE},
  volume={91},
  number={8},
  pages={1247--1256},
  year={2003},
  publisher={IEEE}
}
@article{akyildiz2002wireless,
  title={Wireless sensor networks: a survey},
  author={Akyildiz, Ian F and Su, Weilian and Sankarasubramaniam, Yogesh and Cayirci, Erdal},
  journal={Computer networks},
  volume={38},
  number={4},
  pages={393--422},
  year={2002},
  publisher={Elsevier}
}
@article{carlos2016wireless,
  title={Wireless sensor networks formation: approaches and techniques},
  author={Carlos-Mancilla, Miriam and L{\'o}pez-Mellado, Ernesto and Siller, Mario},
  journal={Journal of Sensors},
  volume={2016},
  year={2016},
  publisher={Hindawi}
}
@article{saibharath2014virtual,
  title={Virtual Backbone Trees for Most Minimal Energy Consumption and Increasing Network Lifetime In WSNs},
  author={Saibharath, S and Aarthi, J},
  journal={arXiv preprint arXiv:1402.2204},
  year={2014}
}
@article{werner2006deploying,
  title={Deploying a wireless sensor network on an active volcano},
  author={Werner-Allen, Geoffrey and Lorincz, Konrad and Ruiz, Mario and Marcillo, Omar and Johnson, Jeff and Lees, Jonathan and Welsh, Matt},
  journal={IEEE internet computing},
  volume={10},
  number={2},
  pages={18--25},
  year={2006},
  publisher={IEEE}
}
@inproceedings{senniappan2016application,
  title={Application of novel swarm intelligence algorithm for congestion control in structural health monitoring},
  author={Senniappan, Vijayalakshmi and Subramanian, Jayashree and Thirumal, Athish},
  booktitle={2016 IEEE Region 10 Conference (TENCON)},
  pages={24--27},
  year={2016},
  organization={IEEE}
}
@article{prasad2011wireless,
  title={Wireless Sensor Networks--A potential tool to probe for water on Moon},
  author={Prasad, K Durga and Murty, SVS},
  journal={Advances in Space Research},
  volume={48},
  number={3},
  pages={601--612},
  year={2011},
  publisher={Elsevier}
}
@inproceedings{hong2002load,
  title={Load balanced, energy-aware communications for mars sensor networks},
  author={Hong, Xiaoyan and Gerla, Mario and Wang, Hanbiao and Clare, Loren},
  booktitle={Proceedings, IEEE Aerospace Conference},
  volume={3},
  pages={3--3},
  year={2002},
  organization={IEEE}
}
@inproceedings{xue2010two,
  title={A two-tier wireless sensor network infrastructure for large-scale real-time groundwater monitoring},
  author={Xue, Yuyan and Ramamurthy, Byrav and Burbach, Mark},
  booktitle={IEEE Local Computer Network Conference},
  pages={874--881},
  year={2010},
  organization={IEEE}
}
%Chapter 3






@article{tandon2012determination,
  title={Determination of optimal number of clusters in wireless sensor networks},
  author={Tandon, Ravi},
  journal={arXiv preprint arXiv:1208.1982},
  year={2012}
}


@article{grady1993vision,
  title={The vision thing: Mainly in the brain},
  author={Grady, Denise},
  journal={Discover},
  volume={14},
  number={6},
  pages={56--66},
  year={1993},
  publisher={Walt Disney Magazine Publishing Group}
}
@inproceedings{kenniche2010random,
  title={Random geometric graphs as model of wireless sensor networks},
  author={Kenniche, Hichem and Ravelomananana, Vlady},
  booktitle={2010 The 2nd international conference on computer and automation engineering (ICCAE)},
  volume={4},
  pages={103--107},
  year={2010},
  organization={IEEE}
}
@inproceedings{meghji2011transmission,
  title={Transmission power control in single-hop and multi-hop wireless sensor networks},
  author={Meghji, Mahir and Habibi, Daryoush},
  booktitle={International Workshop on Multiple Access Communications},
  pages={130--143},
  year={2011},
  organization={Springer}
}
@inproceedings{singh2015design,
  title={Design constraint in single-hop and multi-hop wireless sensor network using different network model architecture},
  author={Singh, Ajit Kumar and Rajoriya, Sandeep and Nikhil, Subham and Jain, Tapan Kumar},
  booktitle={International Conference on Computing, Communication \& Automation},
  pages={436--441},
  year={2015},
  organization={IEEE}
}